
@misc{QualisOpenSSH,
  author = {Qualis.com},
  title = {Roaming through the OpenSSH client: CVE-2016-0777 and CVE-2016-0778},
  year = {2016},
  howpublished = "\url{https://www.qualys.com/2016/01/14/cve-2016-0777-cve-2016-0778/openssh-cve-2016-0777-cve-2016-0778.txt}"
}
@misc{NVD_CVE-201600778,
	author = {National Vulnerability Database},
    title = {Vulnerability Summary for CVE-2016-0778},
    year = {2016},
    howpublished = "\url{https://web.nvd.nist.gov/view/vuln/detail?vulnId=CVE-2016-0778}"
}

@misc{RedHat_CVE-201600778, 
	author = {RedHat},
    title = {CVE-2016-0778},
    year = {2016},
    howpublished = "\url{https://access.redhat.com/security/cve/cve-2016-0778}"
}